<?xml version="1.0" encoding="UTF-8"?><record xmlns="http://www.loc.gov/MARC21/slim" xmlns:cinclude="http://apache.org/cocoon/include/1.0" xmlns:zs="http://www.loc.gov/zing/srw/">
  <leader>00634cz  a2200181n  4500</leader>
  <controlfield tag="001">nr 90001279 </controlfield>
  <controlfield tag="003">DLC</controlfield>
  <controlfield tag="005">20130313101949.0</controlfield>
  <controlfield tag="008">900130n| azannaab           |a aaa     c</controlfield>
  <datafield tag="010" ind1=" " ind2=" ">
    <subfield code="a">nr 90001279 </subfield>
  </datafield>
  <datafield tag="040" ind1=" " ind2=" ">
    <subfield code="a">MWA</subfield>
    <subfield code="b">eng</subfield>
    <subfield code="e">rda</subfield>
    <subfield code="c">MWA</subfield>
    <subfield code="d">DLC</subfield>
  </datafield>
  <datafield tag="046" ind1=" " ind2=" ">
    <subfield code="g">1893</subfield>
  </datafield>
  <datafield tag="100" ind1="1" ind2=" ">
    <subfield code="a">Austin, Stella,</subfield>
    <subfield code="d">-1893</subfield>
  </datafield>
  <datafield tag="400" ind1="1" ind2=" ">
    <subfield code="w">nnea</subfield>
    <subfield code="a">Austin, Stella,</subfield>
    <subfield code="d">d. 1893</subfield>
  </datafield>
  <datafield tag="400" ind1="0" ind2=" ">
    <subfield code="a">Author of Stumps,</subfield>
    <subfield code="d">-1893</subfield>
  </datafield>
  <datafield tag="400" ind1="1" ind2=" ">
    <subfield code="a">Stumps, Author of,</subfield>
    <subfield code="d">-1893</subfield>
  </datafield>
  <datafield tag="670" ind1=" " ind2=" ">
    <subfield code="a">Her Somebody, 1875:</subfield>
    <subfield code="b">t.p. (Stella Austin, author of Stumps)</subfield>
  </datafield>
  <datafield tag="670" ind1=" " ind2=" ">
    <subfield code="a">Carpenter, H. The Oxford companion to children's literature, 1984</subfield>
    <subfield code="b">(Austin, Stella; British author of children's literature; d. 1893)</subfield>
  </datafield>
</record>